@book{gajic2003linear,
  title={Linear Dynamic Systems and Signals},
  author={Gajic, Z.},
  isbn={9780201618549},
  lccn={2002072593},
  url={https://books.google.de/books?id=yOhiQgAACAAJ},
  year={2003},
  publisher={Prentice Hall/Pearson Education}
},